<record><leader>00000cas a2200000 a 4500</leader><controlfield tag="001">47186605</controlfield><controlfield tag="007">hd afu---bucu</controlfield><controlfield tag="008">010625c18979999nyuwr nea     0   h0yid c</controlfield><datafield ind1=" " ind2=" " tag="010"><subfield code="a">  2006252014</subfield></datafield><datafield ind1=" " ind2=" " tag="040"><subfield code="a">OSU</subfield><subfield code="b">eng</subfield><subfield code="c">OSU</subfield><subfield code="d">OCLCQ</subfield><subfield code="d">WAU</subfield><subfield code="d">MBB</subfield><subfield code="d">OCLCQ</subfield><subfield code="d">OCLCF</subfield><subfield code="d">OCLCQ</subfield></datafield><datafield ind1=" " ind2=" " tag="066"><subfield code="c">(2</subfield></datafield><datafield ind1="0" ind2=" " tag="022"><subfield code="a">0746-7869</subfield><subfield code="l">0746-7869</subfield><subfield code="2">1</subfield></datafield><datafield ind1="0" ind2=" " tag="041"><subfield code="a">yid</subfield><subfield code="a">eng</subfield></datafield><datafield ind1=" " ind2=" " tag="042"><subfield code="a">pcc</subfield></datafield><datafield ind1=" " ind2=" " tag="043"><subfield code="a">n-us-ny</subfield></datafield><datafield ind1="1" ind2="4" tag="050"><subfield code="a">AP91</subfield><subfield code="b">.F68</subfield></datafield><datafield ind1="0" ind2=" " tag="210"><subfield code="a">Vorwa&#776;rts</subfield><subfield code="b">(New York, N.Y.)</subfield></datafield><datafield ind1=" " ind2="0" tag="222"><subfield code="a">Vorwa&#776;rts</subfield><subfield code="b">(New York, N.Y.)</subfield></datafield><datafield ind1="0" ind2="0" tag="245"><subfield code="6">880-01</subfield><subfield code="a">Forv&#803;ert&#803;s =</subfield><subfield code="b">Forward = Vorwa&#776;rts.</subfield></datafield><datafield ind1="3" ind2="1" tag="246"><subfield code="a">Forward</subfield></datafield><datafield ind1="3" ind2="1" tag="246"><subfield code="a">Vorwa&#776;rts</subfield></datafield><datafield ind1="1" ind2="3" tag="246"><subfield code="a">Jewish daily forward</subfield></datafield><datafield ind1="1" ind2="3" tag="246"><subfield code="a">Yiddish forward</subfield></datafield><datafield ind1=" " ind2=" " tag="260"><subfield code="a">New York, N.Y. :</subfield><subfield code="b">Jewish Socialist Press Federation,</subfield><subfield code="c">[1897]-</subfield></datafield><datafield ind1=" " ind2=" " tag="300"><subfield code="a">volumes :</subfield><subfield code="b">illustrations ;</subfield><subfield code="c">55 cm</subfield></datafield><datafield ind1=" " ind2=" " tag="310"><subfield code="a">Weekly,</subfield><subfield code="b">Feb. 4, 1983-</subfield></datafield><datafield ind1=" " ind2=" " tag="321"><subfield code="a">Frequency varies</subfield></datafield><datafield ind1=" " ind2=" " tag="336"><subfield code="a">text</subfield><subfield code="b">txt</subfield><subfield code="2">rdacontent</subfield></datafield><datafield ind1=" " ind2=" " tag="337"><subfield code="a">microform</subfield><subfield code="b">h</subfield><subfield code="2">rdamedia</subfield></datafield><datafield ind1=" " ind2=" " tag="338"><subfield code="a">microfilm reel</subfield><subfield code="b">hd</subfield><subfield code="2">rdacarrier</subfield></datafield><datafield ind1="1" ind2=" " tag="362"><subfield code="a">Began Apr. 22, 1897.</subfield></datafield><datafield ind1=" " ind2=" " tag="500"><subfield code="a">English title varies.</subfield></datafield><datafield ind1=" " ind2=" " tag="500"><subfield code="a">Has numerous editions.</subfield></datafield><datafield ind1=" " ind2=" " tag="500"><subfield code="a">Published in New York, N.Y. and Philadelphia, Pa. 1897-Jan. 28 1909; in New York, N.Y. thereafter.</subfield></datafield><datafield ind1=" " ind2=" " tag="500"><subfield code="a">Distributed by Norman Ross Publishing Inc., N.Y.</subfield></datafield><datafield ind1=" " ind2=" " tag="515"><subfield code="a">Has separately paged section in English &lt;Nov. 18, 1983-&gt;.</subfield></datafield><datafield ind1=" " ind2=" " tag="515"><subfield code="a">Issue for Apr. 22, 1917 has special section with title: Yubileum oysgabe "Forverts."</subfield></datafield><datafield ind1=" " ind2=" " tag="546"><subfield code="a">In Yiddish and some English.</subfield></datafield><datafield ind1=" " ind2=" " tag="580"><subfield code="a">Other editions: Forv&#803;ert&#803;s (Philadelphia, Pa.), 1913-&lt;1958&gt;, and: Forv&#803;ert&#803;s (New York, N.Y. : Boston ed.), &lt;1919-1941&gt;.</subfield></datafield><datafield ind1=" " ind2=" " tag="588"><subfield code="a">Description based on: Vol. 1, no. 112 (Aug. 30, 1897).</subfield></datafield><datafield ind1=" " ind2=" " tag="533"><subfield code="a">Microfilm.</subfield><subfield code="m">Aug. 30, 1897-</subfield><subfield code="b">New York, N.Y. :</subfield><subfield code="c">RECORDAK CORPORATATION, Subsidiary of Eastman Kodak Company.</subfield><subfield code="e">microfilm reels ; 35 mm.</subfield></datafield><datafield ind1=" " ind2="0" tag="650"><subfield code="a">Jewish newspapers</subfield><subfield code="z">United States.</subfield></datafield><datafield ind1=" " ind2="0" tag="651"><subfield code="a">New York (N.Y.)</subfield><subfield code="v">Newspapers.</subfield></datafield><datafield ind1=" " ind2="0" tag="651"><subfield code="a">New York County (N.Y.)</subfield><subfield code="v">Newspapers.</subfield></datafield><datafield ind1=" " ind2="7" tag="650"><subfield code="a">Jewish newspapers.</subfield><subfield code="2">fast</subfield><subfield code="0">(OCoLC)fst00982872</subfield></datafield><datafield ind1=" " ind2="7" tag="651"><subfield code="a">New York (State)</subfield><subfield code="z">New York.</subfield><subfield code="2">fast</subfield><subfield code="0">(OCoLC)fst01204333</subfield></datafield><datafield ind1=" " ind2="7" tag="651"><subfield code="a">New York (State)</subfield><subfield code="z">New York County.</subfield><subfield code="2">fast</subfield><subfield code="0">(OCoLC)fst01234953</subfield></datafield><datafield ind1=" " ind2="7" tag="651"><subfield code="a">United States.</subfield><subfield code="2">fast</subfield><subfield code="0">(OCoLC)fst01204155</subfield></datafield><datafield ind1=" " ind2="7" tag="655"><subfield code="a">Newspapers.</subfield><subfield code="2">fast</subfield><subfield code="0">(OCoLC)fst01423814</subfield></datafield><datafield ind1=" " ind2=" " tag="752"><subfield code="a">United States</subfield><subfield code="b">New York</subfield><subfield code="c">New York</subfield><subfield code="d">New York.</subfield></datafield><datafield ind1=" " ind2=" " tag="752"><subfield code="a">United States</subfield><subfield code="b">Pennsylvania</subfield><subfield code="c">Philadelphia</subfield><subfield code="d">Philadelphia.</subfield></datafield><datafield ind1=" " ind2=" " tag="752"><subfield code="a">United States</subfield><subfield code="b">Illinois</subfield><subfield code="c">Cook</subfield><subfield code="d">Chicago.</subfield></datafield><datafield ind1="1" ind2=" " tag="775"><subfield code="t">Forward (New York, N.Y.)</subfield><subfield code="x">1051-340X</subfield></datafield><datafield ind1="1" ind2=" " tag="775"><subfield code="t">Forv&#803;ert&#803;s (Philadelphia, Pa.)</subfield></datafield><datafield ind1="1" ind2=" " tag="775"><subfield code="t">Forv&#803;ert&#803;s (New York, N.Y. : Boston ed.)</subfield></datafield><datafield ind1="1" ind2=" " tag="776"><subfield code="c">Original</subfield><subfield code="x">0746-7869</subfield><subfield code="w">(DLC)sn 83045845</subfield><subfield code="w">(OCoLC)9836450</subfield></datafield><datafield ind1="0" ind2="5" tag="780"><subfield code="t">Forv&#803;ert&#803;s (Chicago, Ill.)</subfield><subfield code="g">July 5, 1951</subfield></datafield><datafield ind1="0" ind2="0" tag="880"><subfield code="6">245-01/(2/r</subfield><subfield code="a">&#1508;&#1488;&#1512;&#1493;&#1493;&#1506;&#1512;&#1496;&#1505; =</subfield><subfield code="b">Forward = Vorwa&#776;rts</subfield><subfield code="h">[microform].</subfield></datafield><datafield ind1="1" ind2=" " tag="029"><subfield code="a">AU@</subfield><subfield code="b">000011013454</subfield></datafield><datafield ind1="1" ind2=" " tag="029"><subfield code="a">AU@</subfield><subfield code="b">000040180067</subfield></datafield></record>